@article{loonybin,
title = "The Machine Translation Toolpack for LoonyBin: Automated Management of Experimental Machine Translation HyperWork",
author = "Jonathan H. Clark and Jonathan Weese and Byung Gyu Ahn and Andreas Zollmann and Qin Gao and Kenneth Heafield and lon Lavie",
journal = "The Prague Bulletin of Mathematical Linguistics",
volume = 93,
month = "January",
year = 2010,
pages = "117--126"
}
