@Book{WMT:2010,
  editor    = {Chris Callison-Burch  and  Philipp Koehn  and  Christof Monz  and  Kay Peterson},
  title     = {Proceedings of the Joint Fifth Workshop on Statistical Machine Translation and MetricsMATR},
  month     = {July},
  year      = {2010},
  address   = {Uppsala, Sweden},
  publisher = {Association for Computational Linguistics},
  url       = {http://www.aclweb.org/anthology/W10-17}
}

@InProceedings{gao-bach-vogel:2010:WMT,
  author    = {Gao, Qin  and  Bach, Nguyen  and  Vogel, Stephan},
  title     = {A Semi-supervised Word Alignment Algorithm with Partial Manual Alignments},
  booktitle = {Proceedings of the Joint Fifth Workshop on Statistical Machine Translation and MetricsMATR},
  month     = {July},
  year      = {2010},
  address   = {Uppsala, Sweden},
  publisher = {Association for Computational Linguistics},
  pages     = {1--10},
  url       = {http://www.aclweb.org/anthology/W10-1701}
}

@InProceedings{chen-foster-kuhn:2010:WMT,
  author    = {Chen, Boxing  and  Foster, George  and  Kuhn, Roland},
  title     = {Fast Consensus Hypothesis Regeneration for Machine Translation},
  booktitle = {Proceedings of the Joint Fifth Workshop on Statistical Machine Translation and MetricsMATR},
  month     = {July},
  year      = {2010},
  address   = {Uppsala, Sweden},
  publisher = {Association for Computational Linguistics},
  pages     = {11--16},
  url       = {http://www.aclweb.org/anthology/W10-1702}
}

@InProceedings{callisonburch-EtAl:2010:WMT,
  author    = {Callison-Burch, Chris  and  Koehn, Philipp  and  Monz, Christof  and  Peterson, Kay  and  Przybocki, Mark  and  Zaidan, Omar},
  title     = {Findings of the 2010 Joint Workshop on Statistical Machine Translation and Metrics for Machine Translation},
  booktitle = {Proceedings of the Joint Fifth Workshop on Statistical Machine Translation and MetricsMATR},
  month     = {July},
  year      = {2010},
  address   = {Uppsala, Sweden},
  publisher = {Association for Computational Linguistics},
  pages     = {17--28},
  url       = {http://www.aclweb.org/anthology/W10-1703}
}

@InProceedings{allauzen-EtAl:2010:WMT,
  author    = {Allauzen, Alexandre  and  Crego, Josep M.  and  Durgar El-Kahlout, İlknur  and  Yvon, Francois},
  title     = {LIMSI's Statistical Translation Systems for WMT'10},
  booktitle = {Proceedings of the Joint Fifth Workshop on Statistical Machine Translation and MetricsMATR},
  month     = {July},
  year      = {2010},
  address   = {Uppsala, Sweden},
  publisher = {Association for Computational Linguistics},
  pages     = {29--34},
  url       = {http://www.aclweb.org/anthology/W10-1704}
}

@InProceedings{bojar-kos:2010:WMT,
  author    = {Bojar, Ondrej  and  Kos, Kamil},
  title     = {2010 Failures in English-Czech Phrase-Based MT},
  booktitle = {Proceedings of the Joint Fifth Workshop on Statistical Machine Translation and MetricsMATR},
  month     = {July},
  year      = {2010},
  address   = {Uppsala, Sweden},
  publisher = {Association for Computational Linguistics},
  pages     = {35--41},
  url       = {http://www.aclweb.org/anthology/W10-1705}
}

@InProceedings{cong-EtAl:2010:WMT,
  author    = {Cong, Hui  and  Hai, Zhao  and  Bao-Liang, Lu  and  Yan, Song},
  title     = {An Empirical Study on Development Set Selection Strategy for Machine Translation Learning},
  booktitle = {Proceedings of the Joint Fifth Workshop on Statistical Machine Translation and MetricsMATR},
  month     = {July},
  year      = {2010},
  address   = {Uppsala, Sweden},
  publisher = {Association for Computational Linguistics},
  pages     = {42--46},
  url       = {http://www.aclweb.org/anthology/W10-1706}
}

@InProceedings{eidelman-dyer-resnik:2010:WMT,
  author    = {Eidelman, Vladimir  and  Dyer, Chris  and  Resnik, Philip},
  title     = {The University of Maryland Statistical Machine Translation System for the Fifth Workshop on Machine Translation},
  booktitle = {Proceedings of the Joint Fifth Workshop on Statistical Machine Translation and MetricsMATR},
  month     = {July},
  year      = {2010},
  address   = {Uppsala, Sweden},
  publisher = {Association for Computational Linguistics},
  pages     = {47--51},
  url       = {http://www.aclweb.org/anthology/W10-1707}
}

@InProceedings{federmann-EtAl:2010:WMT,
  author    = {Federmann, Christian  and  Eisele, Andreas  and  Chen, Yu  and  Hunsicker, Sabine  and  Xu, Jia  and  Uszkoreit, Hans},
  title     = {Further Experiments with Shallow Hybrid MT Systems},
  booktitle = {Proceedings of the Joint Fifth Workshop on Statistical Machine Translation and MetricsMATR},
  month     = {July},
  year      = {2010},
  address   = {Uppsala, Sweden},
  publisher = {Association for Computational Linguistics},
  pages     = {52--56},
  url       = {http://www.aclweb.org/anthology/W10-1708}
}

@InProceedings{hanneman-clark-lavie:2010:WMT,
  author    = {Hanneman, Greg  and  Clark, Jonathan  and  Lavie, Alon},
  title     = {Improved Features and Grammar Selection for Syntax-Based MT},
  booktitle = {Proceedings of the Joint Fifth Workshop on Statistical Machine Translation and MetricsMATR},
  month     = {July},
  year      = {2010},
  address   = {Uppsala, Sweden},
  publisher = {Association for Computational Linguistics},
  pages     = {57--62},
  url       = {http://www.aclweb.org/anthology/W10-1709}
}

@InProceedings{hardmeier-bisazza-federico:2010:WMT,
  author    = {Hardmeier, Christian  and  Bisazza, Arianna  and  Federico, Marcello},
  title     = {FBK at WMT 2010: Word Lattices for Morphological Reduction and Chunk-based Reordering},
  booktitle = {Proceedings of the Joint Fifth Workshop on Statistical Machine Translation and MetricsMATR},
  month     = {July},
  year      = {2010},
  address   = {Uppsala, Sweden},
  publisher = {Association for Computational Linguistics},
  pages     = {63--67},
  url       = {http://www.aclweb.org/anthology/W10-1710}
}

@InProceedings{heafield-lavie:2010:WMT,
  author    = {Heafield, Kenneth  and  Lavie, Alon},
  title     = {CMU Multi-Engine Machine Translation for WMT 2010},
  booktitle = {Proceedings of the Joint Fifth Workshop on Statistical Machine Translation and MetricsMATR},
  month     = {July},
  year      = {2010},
  address   = {Uppsala, Sweden},
  publisher = {Association for Computational Linguistics},
  pages     = {68--73},
  url       = {http://www.aclweb.org/anthology/W10-1711}
}

@InProceedings{heger-EtAl:2010:WMT,
  author    = {Heger, Carmen  and  Wuebker, Joern  and  Huck, Matthias  and  Leusch, Gregor  and  Mansour, Saab  and  Stein, Daniel  and  Ney, Hermann},
  title     = {The RWTH Aachen Machine Translation System for WMT 2010},
  booktitle = {Proceedings of the Joint Fifth Workshop on Statistical Machine Translation and MetricsMATR},
  month     = {July},
  year      = {2010},
  address   = {Uppsala, Sweden},
  publisher = {Association for Computational Linguistics},
  pages     = {74--78},
  url       = {http://www.aclweb.org/anthology/W10-1712}
}

@InProceedings{henriquezq-EtAl:2010:WMT,
  author    = {Henr\'{i}quez Q., Carlos A.  and  Ruiz Costa-juss\`{a}, Marta  and  Daudaravicius, Vidas  and  Banchs, Rafael E.  and  Mari\~{n}o, Jos\'{e} B.},
  title     = {Using Collocation Segmentation to Augment the Phrase Table},
  booktitle = {Proceedings of the Joint Fifth Workshop on Statistical Machine Translation and MetricsMATR},
  month     = {July},
  year      = {2010},
  address   = {Uppsala, Sweden},
  publisher = {Association for Computational Linguistics},
  pages     = {79--83},
  url       = {http://www.aclweb.org/anthology/W10-1713}
}

@InProceedings{huet-EtAl:2010:WMT,
  author    = {Huet, St\'{e}phane  and  Bourdaillet, Julien  and  Patry, Alexandre  and  Langlais, Philippe},
  title     = {The RALI Machine Translation System for WMT 2010},
  booktitle = {Proceedings of the Joint Fifth Workshop on Statistical Machine Translation and MetricsMATR},
  month     = {July},
  year      = {2010},
  address   = {Uppsala, Sweden},
  publisher = {Association for Computational Linguistics},
  pages     = {84--90},
  url       = {http://www.aclweb.org/anthology/W10-1714}
}

@InProceedings{jellinghaus-poulis-kolovratnik:2010:WMT,
  author    = {Jellinghaus, Michael  and  Poulis, Alexandros  and  Kolovratn\'{i}k, David},
  title     = {Exodus - Exploring SMT for EU Institutions},
  booktitle = {Proceedings of the Joint Fifth Workshop on Statistical Machine Translation and MetricsMATR},
  month     = {July},
  year      = {2010},
  address   = {Uppsala, Sweden},
  pages     = {91--95},
  url       = {http://www.aclweb.org/anthology/W10-1715}
}

@InProceedings{koehn-EtAl:2010:WMT,
  author    = {Koehn, Philipp  and  Haddow, Barry  and  Williams, Philip  and  Hoang, Hieu},
  title     = {More Linguistic Annotation for Statistical Machine Translation},
  booktitle = {Proceedings of the Joint Fifth Workshop on Statistical Machine Translation and MetricsMATR},
  month     = {July},
  year      = {2010},
  address   = {Uppsala, Sweden},
  pages     = {96--101},
  url       = {http://www.aclweb.org/anthology/W10-1716}
}

@InProceedings{lambert-abdulrauf-schwenk:2010:WMT,
  author    = {Lambert, Patrik  and  Abdul-Rauf, Sadaf  and  Schwenk, Holger},
  title     = {LIUM SMT Machine Translation System for WMT 2010},
  booktitle = {Proceedings of the Joint Fifth Workshop on Statistical Machine Translation and MetricsMATR},
  month     = {July},
  year      = {2010},
  address   = {Uppsala, Sweden},
  publisher = {Association for Computational Linguistics},
  pages     = {102--107},
  url       = {http://www.aclweb.org/anthology/W10-1717}
}

@InProceedings{larkin-EtAl:2010:WMT,
  author    = {Larkin, Samuel  and  Chen, Boxing  and  Foster, George  and  Germann, Ulrich  and  Joanis, Eric  and  Johnson, Howard  and  Kuhn, Roland},
  title     = {Lessons from NRC’s Portage System at WMT 2010},
  booktitle = {Proceedings of the Joint Fifth Workshop on Statistical Machine Translation and MetricsMATR},
  month     = {July},
  year      = {2010},
  address   = {Uppsala, Sweden},
  publisher = {Association for Computational Linguistics},
  pages     = {108--113},
  url       = {http://www.aclweb.org/anthology/W10-1718}
}

@InProceedings{li-EtAl:2010:WMT,
  author    = {Li, Zhifei  and  Callison-Burch, Chris  and  Dyer, Chris  and  Ganitkevitch, Juri  and  Irvine, Ann  and  Khudanpur, Sanjeev  and  Schwartz, Lane  and  Thornton, Wren  and  Wang, Ziyuan  and  Weese, Jonathan  and  Zaidan, Omar},
  title     = {Joshua 2.0: A Toolkit for Parsing-Based Machine Translation with Syntax, Semirings, Discriminative Training and Other Goodies},
  booktitle = {Proceedings of the Joint Fifth Workshop on Statistical Machine Translation and MetricsMATR},
  month     = {July},
  year      = {2010},
  address   = {Uppsala, Sweden},
  publisher = {Association for Computational Linguistics},
  pages     = {114--118},
  url       = {http://www.aclweb.org/anthology/W10-1719}
}

@InProceedings{niehues-EtAl:2010:WMT,
  author    = {Niehues, Jan  and  Herrmann, Teresa  and  Mediani, Mohammed  and  Waibel, Alex},
  title     = {The Karlsruhe Institute for Technology Translation System for the ACL-WMT 2010},
  booktitle = {Proceedings of the Joint Fifth Workshop on Statistical Machine Translation and MetricsMATR},
  month     = {July},
  year      = {2010},
  address   = {Uppsala, Sweden},
  publisher = {Association for Computational Linguistics},
  pages     = {119--123},
  url       = {http://www.aclweb.org/anthology/W10-1720}
}

@InProceedings{penkale-EtAl:2010:WMT,
  author    = {Penkale, Sergio  and  Haque, Rejwanul  and  Dandapat, Sandipan  and  Banerjee, Pratyush  and  Srivastava, Ankit K.  and  Du, Jinhua  and  Pecina, Pavel  and  Naskar, Sudip Kumar  and  Forcada, Mikel L.  and  Way, Andy},
  title     = {MATREX: The DCU MT System for WMT 2010},
  booktitle = {Proceedings of the Joint Fifth Workshop on Statistical Machine Translation and MetricsMATR},
  month     = {July},
  year      = {2010},
  address   = {Uppsala, Sweden},
  publisher = {Association for Computational Linguistics},
  pages     = {124--129},
  url       = {http://www.aclweb.org/anthology/W10-1721}
}

@InProceedings{phillips:2010:WMT,
  author    = {Phillips, Aaron},
  title     = {The Cunei Machine Translation Platform for WMT '10},
  booktitle = {Proceedings of the Joint Fifth Workshop on Statistical Machine Translation and MetricsMATR},
  month     = {July},
  year      = {2010},
  address   = {Uppsala, Sweden},
  publisher = {Association for Computational Linguistics},
  pages     = {130--135},
  url       = {http://www.aclweb.org/anthology/W10-1722}
}

@InProceedings{pino-EtAl:2010:WMT,
  author    = {Pino, Juan  and  Iglesias, Gonzalo  and  de Gispert, Adri\`{a}  and  Blackwood, Graeme  and  Brunning, Jamie  and  Byrne, William},
  title     = {The CUED HiFST System for the WMT10 Translation Shared Task},
  booktitle = {Proceedings of the Joint Fifth Workshop on Statistical Machine Translation and MetricsMATR},
  month     = {July},
  year      = {2010},
  address   = {Uppsala, Sweden},
  publisher = {Association for Computational Linguistics},
  pages     = {136--141},
  url       = {http://www.aclweb.org/anthology/W10-1723}
}

@InProceedings{potet-besacier-blanchon:2010:WMT,
  author    = {Potet, Marion  and  Besacier, Laurent  and  Blanchon, Herv\'{e}},
  title     = {The LIG Machine Translation System for WMT 2010},
  booktitle = {Proceedings of the Joint Fifth Workshop on Statistical Machine Translation and MetricsMATR},
  month     = {July},
  year      = {2010},
  address   = {Uppsala, Sweden},
  publisher = {Association for Computational Linguistics},
  pages     = {142--147},
  url       = {http://www.aclweb.org/anthology/W10-1724}
}

@InProceedings{saers-nivre-wu:2010:WMT,
  author    = {Saers, Markus  and  Nivre, Joakim  and  Wu, Dekai},
  title     = {Linear Inversion Transduction Grammar Alignments as a Second Translation Path},
  booktitle = {Proceedings of the Joint Fifth Workshop on Statistical Machine Translation and MetricsMATR},
  month     = {July},
  year      = {2010},
  address   = {Uppsala, Sweden},
  publisher = {Association for Computational Linguistics},
  pages     = {148--152},
  url       = {http://www.aclweb.org/anthology/W10-1725}
}

@InProceedings{sanchistrilles-EtAl:2010:WMT,
  author    = {Sanchis-Trilles, Germ\'{a}n  and  Andr\'{e}s-Ferrer, Jes\'{u}s  and  Gasc\'{o}, Guillem  and  Gonz\'{a}lez-Rubio, Jes\'{u}s  and  Mart\'{i}nez-G\'{o}mez, Pascual  and  Rocha, Martha-Alicia  and  S\'{a}nchez, Joan-Andreu  and  Casacuberta, Francisco},
  title     = {UPV-PRHLT English--Spanish System for WMT10},
  booktitle = {Proceedings of the Joint Fifth Workshop on Statistical Machine Translation and MetricsMATR},
  month     = {July},
  year      = {2010},
  address   = {Uppsala, Sweden},
  publisher = {Association for Computational Linguistics},
  pages     = {153--157},
  url       = {http://www.aclweb.org/anthology/W10-1726}
}

@InProceedings{schwartz:2010:WMT,
  author    = {Schwartz, Lane},
  title     = {Reproducible Results in Parsing-Based Machine Translation: The JHU Shared Task Submission},
  booktitle = {Proceedings of the Joint Fifth Workshop on Statistical Machine Translation and MetricsMATR},
  month     = {July},
  year      = {2010},
  address   = {Uppsala, Sweden},
  publisher = {Association for Computational Linguistics},
  pages     = {158--163},
  url       = {http://www.aclweb.org/anthology/W10-1727}
}

@InProceedings{stymne-holmqvist-ahrenberg:2010:WMT,
  author    = {Stymne, Sara  and  Holmqvist, Maria  and  Ahrenberg, Lars},
  title     = {Vs and OOVs: Two Problems for Translation between German and English},
  booktitle = {Proceedings of the Joint Fifth Workshop on Statistical Machine Translation and MetricsMATR},
  month     = {July},
  year      = {2010},
  address   = {Uppsala, Sweden},
  publisher = {Association for Computational Linguistics},
  pages     = {164--169},
  url       = {http://www.aclweb.org/anthology/W10-1728}
}

@InProceedings{tiedemann:2010:WMT,
  author    = {Tiedemann, J\"{o}rg},
  title     = {To Cache or not to Cache? Experiments with Adaptive Models in Statistical Machine Translation},
  booktitle = {Proceedings of the Joint Fifth Workshop on Statistical Machine Translation and MetricsMATR},
  month     = {July},
  year      = {2010},
  address   = {Uppsala, Sweden},
  publisher = {Association for Computational Linguistics},
  pages     = {170--175},
  url       = {http://www.aclweb.org/anthology/W10-1729}
}

@InProceedings{virpioja-EtAl:2010:WMT,
  author    = {Virpioja, Sami  and  V\"{a}yrynen, Jaakko  and  Mansikkaniemi, Andre  and  Kurimo, Mikko},
  title     = {Applying Morphological Decompositions to Statistical Machine Translation},
  booktitle = {Proceedings of the Joint Fifth Workshop on Statistical Machine Translation and MetricsMATR},
  month     = {July},
  year      = {2010},
  address   = {Uppsala, Sweden},
  publisher = {Association for Computational Linguistics},
  pages     = {176--181},
  url       = {http://www.aclweb.org/anthology/W10-1730}
}

@InProceedings{abokrtsky-popel-marevcek:2010:WMT,
  author    = {\v{Z}abokrtsk\'{y}, Zden\v{e}k and  Popel, Martin  and  Mare\v{c}ek, David},
  title     = {Maximum Entropy Translation Model in Dependency-Based MT Framework},
  booktitle = {Proceedings of the Joint Fifth Workshop on Statistical Machine Translation and MetricsMATR},
  month     = {July},
  year      = {2010},
  address   = {Uppsala, Sweden},
  publisher = {Association for Computational Linguistics},
  pages     = {182--187},
  url       = {http://www.aclweb.org/anthology/W10-1731}
}

@InProceedings{zamoramartinez-sanchistrilles:2010:WMT,
  author    = {Zamora-Martinez, Francisco  and  Sanchis-Trilles, Germ\'{a}n},
  title     = {UCH-UPV English--Spanish system for WMT10},
  booktitle = {Proceedings of the Joint Fifth Workshop on Statistical Machine Translation and MetricsMATR},
  month     = {July},
  year      = {2010},
  address   = {Uppsala, Sweden},
  publisher = {Association for Computational Linguistics},
  pages     = {188--192},
  url       = {http://www.aclweb.org/anthology/W10-1732}
}

@InProceedings{zeman:2010:WMT,
  author    = {Zeman, Daniel},
  title     = {Hierarchical Phrase-Based MT at the Charles University for the WMT 2010 Shared Task},
  booktitle = {Proceedings of the Joint Fifth Workshop on Statistical Machine Translation and MetricsMATR},
  month     = {July},
  year      = {2010},
  address   = {Uppsala, Sweden},
  publisher = {Association for Computational Linguistics},
  pages     = {193--196},
  url       = {http://www.aclweb.org/anthology/W10-1733}
}

@InProceedings{sankaran-grewal-sarkar:2010:WMT,
  author    = {Sankaran, Baskaran  and  Grewal, Ajeet  and  Sarkar, Anoop},
  title     = {Incremental Decoding for Phrase-based Statistical Machine Translation},
  booktitle = {Proceedings of the Joint Fifth Workshop on Statistical Machine Translation and MetricsMATR},
  month     = {July},
  year      = {2010},
  address   = {Uppsala, Sweden},
  publisher = {Association for Computational Linguistics},
  pages     = {197--204},
  url       = {http://www.aclweb.org/anthology/W10-1734}
}

@InProceedings{fritzinger-fraser:2010:WMT,
  author    = {Fritzinger, Fabienne  and  Fraser, Alexander},
  title     = {How to Avoid Burning Ducks: Combining Linguistic Analysis and Corpus Statistics for German Compound Processing},
  booktitle = {Proceedings of the Joint Fifth Workshop on Statistical Machine Translation and MetricsMATR},
  month     = {July},
  year      = {2010},
  address   = {Uppsala, Sweden},
  publisher = {Association for Computational Linguistics},
  pages     = {205--215},
  url       = {http://www.aclweb.org/anthology/W10-1735}
}

@InProceedings{bisazza-federico:2010:WMT,
  author    = {Bisazza, Arianna  and  Federico, Marcello},
  title     = {Chunk-based Verb Reordering in VSO Sentences for Arabic-English Statistical Machine Translation},
  booktitle = {Proceedings of the Joint Fifth Workshop on Statistical Machine Translation and MetricsMATR},
  month     = {July},
  year      = {2010},
  address   = {Uppsala, Sweden},
  publisher = {Association for Computational Linguistics},
  pages     = {216--224},
  url       = {http://www.aclweb.org/anthology/W10-1736}
}

@InProceedings{isozaki-EtAl:2010:WMT,
  author    = {Isozaki, Hideki  and  Sudoh, Katsuhito  and  Tsukada, Hajime  and  Duh, Kevin},
  title     = {Head Finalization: A Simple Reordering Rule for SOV Languages},
  booktitle = {Proceedings of the Joint Fifth Workshop on Statistical Machine Translation and MetricsMATR},
  month     = {July},
  year      = {2010},
  address   = {Uppsala, Sweden},
  publisher = {Association for Computational Linguistics},
  pages     = {225--232},
  url       = {http://www.aclweb.org/anthology/W10-1737}
}

@InProceedings{lenagard-koehn:2010:WMT,
  author    = {Le Nagard, Ronan  and  Koehn, Philipp},
  title     = {Aiding Pronoun Translation with Co-Reference Resolution},
  booktitle = {Proceedings of the Joint Fifth Workshop on Statistical Machine Translation and MetricsMATR},
  month     = {July},
  year      = {2010},
  address   = {Uppsala, Sweden},
  publisher = {Association for Computational Linguistics},
  pages     = {233--242},
  url       = {http://www.aclweb.org/anthology/W10-1738}
}

@InProceedings{vilar-EtAl:2010:WMT,
  author    = {Vilar, David  and  Stein, Daniel  and  Huck, Matthias  and  Ney, Hermann},
  title     = {Jane: Open Source Hierarchical Translation, Extended with Reordering and Lexicon Models},
  booktitle = {Proceedings of the Joint Fifth Workshop on Statistical Machine Translation and MetricsMATR},
  month     = {July},
  year      = {2010},
  address   = {Uppsala, Sweden},
  publisher = {Association for Computational Linguistics},
  pages     = {243--251},
  url       = {http://www.aclweb.org/anthology/W10-1739}
}

@InProceedings{barrault:2010:WMT,
  author    = {Barrault, Lo\"{i}c},
  title     = {MANY: Open Source MT System Combination at WMT'10},
  booktitle = {Proceedings of the Joint Fifth Workshop on Statistical Machine Translation and MetricsMATR},
  month     = {July},
  year      = {2010},
  address   = {Uppsala, Sweden},
  publisher = {Association for Computational Linguistics},
  pages     = {252--256},
  url       = {http://www.aclweb.org/anthology/W10-1740}
}

@InProceedings{bicici-kozat:2010:WMT,
  author    = {Bicici, Ergun  and  Kozat, S. Serdar},
  title     = {Adaptive Model Weighting and Transductive Regression for Predicting Best System Combinations},
  booktitle = {Proceedings of the Joint Fifth Workshop on Statistical Machine Translation and MetricsMATR},
  month     = {July},
  year      = {2010},
  address   = {Uppsala, Sweden},
  publisher = {Association for Computational Linguistics},
  pages     = {257--262},
  url       = {http://www.aclweb.org/anthology/W10-1741}
}

@InProceedings{bicici-yuret:2010:WMT,
  author    = {Bicici, Ergun  and  Yuret, Deniz},
  title     = {L1 Regularized Regression for Reranking and System Combination in Machine Translation},
  booktitle = {Proceedings of the Joint Fifth Workshop on Statistical Machine Translation and MetricsMATR},
  month     = {July},
  year      = {2010},
  address   = {Uppsala, Sweden},
  publisher = {Association for Computational Linguistics},
  pages     = {263--270},
  url       = {http://www.aclweb.org/anthology/W10-1742}
}

@InProceedings{du-pecina-way:2010:WMT,
  author    = {Du, Jinhua  and  Pecina, Pavel  and  Way, Andy},
  title     = {An Augmented Three-Pass System Combination Framework: DCU Combination System for WMT 2010},
  booktitle = {Proceedings of the Joint Fifth Workshop on Statistical Machine Translation and MetricsMATR},
  month     = {July},
  year      = {2010},
  address   = {Uppsala, Sweden},
  publisher = {Association for Computational Linguistics},
  pages     = {271--276},
  url       = {http://www.aclweb.org/anthology/W10-1743}
}

@InProceedings{gonzalezrubio-EtAl:2010:WMT,
  author    = {Gonz\'{a}lez-Rubio, Jes\'{u}s  and  Sanchis-Trilles, Germ\'{a}n  and  S\'{a}nchez, Joan-Andreu  and  Andr\'{e}s-Ferrer, Jes\'{u}s  and  Gasc\'{o}, Guillem  and  Mart\'{i}nez-G\'{o}mez, Pascual  and  Rocha, Martha-Alicia  and  Casacuberta, Francisco},
  title     = {The UPV-PRHLT Combination System for WMT 2010},
  booktitle = {Proceedings of the Joint Fifth Workshop on Statistical Machine Translation and MetricsMATR},
  month     = {July},
  year      = {2010},
  address   = {Uppsala, Sweden},
  publisher = {Association for Computational Linguistics},
  pages     = {277--281},
  url       = {http://www.aclweb.org/anthology/W10-1744}
}

@InProceedings{hildebrand-vogel:2010:WMT,
  author    = {Hildebrand, Almut Silja  and  Vogel, Stephan},
  title     = {CMU System Combination via Hypothesis Selection for WMT'10},
  booktitle = {Proceedings of the Joint Fifth Workshop on Statistical Machine Translation and MetricsMATR},
  month     = {July},
  year      = {2010},
  address   = {Uppsala, Sweden},
  publisher = {Association for Computational Linguistics},
  pages     = {282--285},
  url       = {http://www.aclweb.org/anthology/W10-1745}
}

@InProceedings{narsale:2010:WMT,
  author    = {Narsale, Sushant},
  title     = {JHU System Combination Scheme for WMT 2010},
  booktitle = {Proceedings of the Joint Fifth Workshop on Statistical Machine Translation and MetricsMATR},
  month     = {July},
  year      = {2010},
  address   = {Uppsala, Sweden},
  publisher = {Association for Computational Linguistics},
  pages     = {286--289},
  url       = {http://www.aclweb.org/anthology/W10-1746}
}

@InProceedings{leusch-ney:2010:WMT,
  author    = {Leusch, Gregor  and  Ney, Hermann},
  title     = {The RWTH System Combination System for WMT 2010},
  booktitle = {Proceedings of the Joint Fifth Workshop on Statistical Machine Translation and MetricsMATR},
  month     = {July},
  year      = {2010},
  address   = {Uppsala, Sweden},
  publisher = {Association for Computational Linguistics},
  pages     = {290--295},
  url       = {http://www.aclweb.org/anthology/W10-1747}
}

@InProceedings{rosti-EtAl:2010:WMT,
  author    = {Rosti, Antti-Veikko  and  Zhang, Bing  and  Matsoukas, Spyros  and  Schwartz, Richard},
  title     = {BBN System Description for WMT10 System Combination Task},
  booktitle = {Proceedings of the Joint Fifth Workshop on Statistical Machine Translation and MetricsMATR},
  month     = {July},
  year      = {2010},
  address   = {Uppsala, Sweden},
  publisher = {Association for Computational Linguistics},
  pages     = {296--301},
  url       = {http://www.aclweb.org/anthology/W10-1748}
}

@InProceedings{birch-osborne:2010:WMT,
  author    = {Birch, Alexandra  and  Osborne, Miles},
  title     = {LRscore for Evaluating Lexical and Reordering Quality in MT},
  booktitle = {Proceedings of the Joint Fifth Workshop on Statistical Machine Translation and MetricsMATR},
  month     = {July},
  year      = {2010},
  address   = {Uppsala, Sweden},
  publisher = {Association for Computational Linguistics},
  pages     = {302--307},
  url       = {http://www.aclweb.org/anthology/W10-1749}
}

@InProceedings{comelles-EtAl:2010:WMT,
  author    = {Comelles, Elisabet  and  Gimenez, Jesus  and  Marquez, Lluis  and  Castellon, Irene  and  Arranz, Victoria},
  title     = {Document-level Automatic MT Evaluation based on Discourse Representations},
  booktitle = {Proceedings of the Joint Fifth Workshop on Statistical Machine Translation and MetricsMATR},
  month     = {July},
  year      = {2010},
  address   = {Uppsala, Sweden},
  publisher = {Association for Computational Linguistics},
  pages     = {308--313},
  url       = {http://www.aclweb.org/anthology/W10-1750}
}

@InProceedings{denkowski-lavie:2010:WMT,
  author    = {Denkowski, Michael  and  Lavie, Alon},
  title     = {METEOR-NEXT and the METEOR Paraphrase Tables: Improved Evaluation Support for Five Target Languages},
  booktitle = {Proceedings of the Joint Fifth Workshop on Statistical Machine Translation and MetricsMATR},
  month     = {July},
  year      = {2010},
  address   = {Uppsala, Sweden},
  publisher = {Association for Computational Linguistics},
  pages     = {314--317},
  url       = {http://www.aclweb.org/anthology/W10-1751}
}

@InProceedings{dobrinkat-EtAl:2010:WMT,
  author    = {Dobrinkat, Marcus  and  Tapiovaara, Tero  and  V\"{a}yrynen, Jaakko  and  Kettunen, Kimmo},
  title     = {Normalized Compression Distance Based Measures for MetricsMATR 2010},
  booktitle = {Proceedings of the Joint Fifth Workshop on Statistical Machine Translation and MetricsMATR},
  month     = {July},
  year      = {2010},
  address   = {Uppsala, Sweden},
  publisher = {Association for Computational Linguistics},
  pages     = {318--323},
  url       = {http://www.aclweb.org/anthology/W10-1752}
}

@InProceedings{he-EtAl:2010:WMT,
  author    = {He, Yifan  and  Du, Jinhua  and  Way, Andy  and  van Genabith, Josef},
  title     = {The DCU Dependency-Based Metric in WMT-MetricsMATR 2010},
  booktitle = {Proceedings of the Joint Fifth Workshop on Statistical Machine Translation and MetricsMATR},
  month     = {July},
  year      = {2010},
  address   = {Uppsala, Sweden},
  publisher = {Association for Computational Linguistics},
  pages     = {324--328},
  url       = {http://www.aclweb.org/anthology/W10-1753}
}

@InProceedings{liu-dahlmeier-ng:2010:WMT,
  author    = {Liu, Chang  and  Dahlmeier, Daniel  and  Ng, Hwee Tou},
  title     = {TESLA: Translation Evaluation of Sentences with Linear-programming-based Analysis},
  booktitle = {Proceedings of the Joint Fifth Workshop on Statistical Machine Translation and MetricsMATR},
  month     = {July},
  year      = {2010},
  address   = {Uppsala, Sweden},
  publisher = {Association for Computational Linguistics},
  pages     = {329--334},
  url       = {http://www.aclweb.org/anthology/W10-1754}
}

@InProceedings{wong-kit:2010:WMT,
  author    = {Wong, Billy  and  Kit, Chunyu},
  title     = {The Parameter-optimized ATEC Metric for MT Evaluation},
  booktitle = {Proceedings of the Joint Fifth Workshop on Statistical Machine Translation and MetricsMATR},
  month     = {July},
  year      = {2010},
  address   = {Uppsala, Sweden},
  publisher = {Association for Computational Linguistics},
  pages     = {335--339},
  url       = {http://www.aclweb.org/anthology/W10-1755}
}

@InProceedings{arun-haddow-koehn:2010:WMT,
  author    = {Arun, Abhishek  and  Haddow, Barry  and  Koehn, Philipp},
  title     = {A Unified Approach to Minimum Risk Training and Decoding},
  booktitle = {Proceedings of the Joint Fifth Workshop on Statistical Machine Translation and MetricsMATR},
  month     = {July},
  year      = {2010},
  address   = {Uppsala, Sweden},
  url       = {http://www.aclweb.org/anthology/W10-1756}
}

@InProceedings{duh-EtAl:2010:WMT,
  author    = {Duh, Kevin  and  Sudoh, Katsuhito  and  Tsukada, Hajime  and  Isozaki, Hideki  and  Nagata, Masaaki},
  title     = {N-best Reranking by Multitask Learning},
  booktitle = {Proceedings of the Joint Fifth Workshop on Statistical Machine Translation and MetricsMATR},
  month     = {July},
  year      = {2010},
  address   = {Uppsala, Sweden},
  publisher = {Association for Computational Linguistics},
  pages     = {350--358},
  url       = {http://www.aclweb.org/anthology/W10-1757}
}

@InProceedings{brown:2010:WMT,
  author    = {Brown, Ralf},
  title     = {Taming Structured Perceptrons on Wild Feature Vectors},
  booktitle = {Proceedings of the Joint Fifth Workshop on Statistical Machine Translation and MetricsMATR},
  month     = {July},
  year      = {2010},
  address   = {Uppsala, Sweden},
  publisher = {Association for Computational Linguistics},
  pages     = {359--366},
  url       = {http://www.aclweb.org/anthology/W10-1758}
}

@InProceedings{shah-barrault-schwenk:2010:WMT,
  author    = {Shah, Kashif  and  Barrault, Lo\"{i}c  and  Schwenk, Holger},
  title     = {Translation Model Adaptation by Resampling},
  booktitle = {Proceedings of the Joint Fifth Workshop on Statistical Machine Translation and MetricsMATR},
  month     = {July},
  year      = {2010},
  address   = {Uppsala, Sweden},
  publisher = {Association for Computational Linguistics},
  pages     = {367--374},
  url       = {http://www.aclweb.org/anthology/W10-1759}
}

@InProceedings{paul-finch-sumita:2010:WMT,
  author    = {Paul, Michael  and  Finch, Andrew  and  Sumita, Eiichiro},
  title     = {Integration of Multiple Bilingually-Learned Segmentation Schemes into Statistical Machine Translation},
  booktitle = {Proceedings of the Joint Fifth Workshop on Statistical Machine Translation and MetricsMATR},
  month     = {July},
  year      = {2010},
  address   = {Uppsala, Sweden},
  publisher = {Association for Computational Linguistics},
  pages     = {375--383},
  url       = {http://www.aclweb.org/anthology/W10-1760}
}

@InProceedings{hoang-koehn:2010:WMT,
  author    = {Hoang, Hieu  and  Koehn, Philipp},
  title     = {Improved Translation with Source Syntax Labels},
  booktitle = {Proceedings of the Joint Fifth Workshop on Statistical Machine Translation and MetricsMATR},
  month     = {July},
  year      = {2010},
  address   = {Uppsala, Sweden},
  publisher = {Association for Computational Linguistics},
  pages     = {384--392},
  url       = {http://www.aclweb.org/anthology/W10-1761}
}

@InProceedings{sudoh-EtAl:2010:WMT,
  author    = {Sudoh, Katsuhito  and  Duh, Kevin  and  Tsukada, Hajime  and  Hirao, Tsutomu  and  Nagata, Masaaki},
  title     = {Divide and Translate: Improving Long Distance Reordering in Statistical Machine Translation},
  booktitle = {Proceedings of the Joint Fifth Workshop on Statistical Machine Translation and MetricsMATR},
  month     = {July},
  year      = {2010},
  address   = {Uppsala, Sweden},
  publisher = {Association for Computational Linguistics},
  pages     = {393--402},
  url       = {http://www.aclweb.org/anthology/W10-1762}
}

@InProceedings{zbib-EtAl:2010:WMT,
  author    = {Zbib, Rabih  and  Matsoukas, Spyros  and  Schwartz, Richard  and  Makhoul, John},
  title     = {Decision Trees for Lexical Smoothing in Statistical Machine Translation},
  booktitle = {Proceedings of the Joint Fifth Workshop on Statistical Machine Translation and MetricsMATR},
  month     = {July},
  year      = {2010},
  address   = {Uppsala, Sweden},
  publisher = {Association for Computational Linguistics},
  pages     = {403--412},
  url       = {http://www.aclweb.org/anthology/W10-1763}
}

