%% This BibTeX bibliography file was created using BibDesk.
%% http://bibdesk.sourceforge.net/


%% Created for Hieu Hoang at 2010-03-04 13:54:20 +0000 


%% Saved with string encoding Unicode (UTF-8) 

@article{DCMTK:2004,
 author = {Eichelberg, Marco and Riesmeier, Joerg and Wilkens, Thomas and Hewett, Andrew J. and Barth, Andreas and Jensch, Peter},
 title = {Ten years of medical imaging standardization and prototypical implementation: the DICOM standard and the OFFIS DICOM toolkit (DCMTK) },
 journal = {Medical Imaging 2004: PACS and Imaging Informatics},
 year = {2004},
 }


@article{CGAL:2000,
 author = {Fabri, Andreas and Giezeman, Geert-Jan and Kettner, Lutz and Schirra, Stefan and Sch\"{o}nherr, Sven},
 title = {On the design of CGAL a computational geometry algorithms library},
 journal = {Softw. Pract. Exper.},
 volume = {30},
 number = {11},
 year = {2000},
 issn = {0038-0644},
 pages = {1167--1202},
 doi = {http://dx.doi.org/10.1002/1097-024X(200009)30:11<1167::AID-SPE337>3.0.CO;2-B},
 publisher = {John Wiley \& Sons, Inc.},
 address = {New York, NY, USA},
 }

@book{MacKay2003,
	Author = {David MacKay},
	Date-Added = {2010-03-04 13:52:26 +0000},
	Date-Modified = {2010-03-04 13:54:20 +0000},
	Publisher = {Cambridge University Press},
	Title = {Information Theory, Inference, and Learning Algorithms},
	Year = {2003}}

@inproceedings{Koehn:Pharaoh,
	Author = {Philipp Koehn},
	Booktitle = {6th Conference of the Association for Machine Translation in the Americas, AMTA},
	Publisher = {Springer},
	Series = {Lecture Notes in Computer Science},
	Title = {Pharaoh: a beam search decoder for statistical machine translation},
	Year = 2004}

@inproceedings{Koehn:SharedTask2005,
	Author = {Philipp Koehn},
	Booktitle = {ACL Workshop on Parallel Texts},
	Title = {Shared Task: Statistical Machine Translation for European Languages},
	Year = 2005}

@inproceedings{TreeTagger,
	Author = {H. Schmid},
	Booktitle = {International Conference on New methods in Language Processing},
	Title = {Probabilistic Part-of-Speech Tagger Using Decision Trees},
	Year = 1994}

@inproceedings{Zhang:2007,
	Author = {Y. Zhang and R. Zens},
	Booktitle = {International Workshop on Spoken Language Translation},
	Title = {Improved Chunk-level Reordering for Statistical Machine Translation},
	Year = 2007}
