@inproceedings{Koehn:Pharaoh:2004,
	Author = {Philipp Koehn},
	Booktitle = {AMTA},
	Date-Added = {2010-04-01 14:47:10 +0100},
	Date-Modified = {2010-04-01 14:47:40 +0100},
	Title = {Pharaoh: a Beam Search Decoder for Phrase-Based Statistical Machine Translation Models},
	Year = {2004}}


@inproceedings{koehn-EtAl:2007:PosterDemo,
	Address = {Prague, Czech Republic},
	Author = {Koehn, Philipp and Hoang, Hieu and Birch, Alexandra and Callison-Burch, Chris and Federico, Marcello and Bertoldi, Nicola and Cowan, Brooke and Shen, Wade and Moran, Christine and Zens, Richard and Dyer, Chris and Bojar, Ondrej and Constantin, Alexandra and Herbst, Evan},
	Booktitle = {Proceedings of the 45th Annual Meeting of the Association for Computational Linguistics Companion Volume Proceedings of the Demo and Poster Sessions},
	Month = {June},
	Pages = {177--180},
	Publisher = {Association for Computational Linguistics},
	Title = {Moses: Open Source Toolkit for Statistical Machine Translation},
	Url = {http://www.aclweb.org/anthology/P/P07/P07-2045},
	Year = {2007},
	Bdsk-Url-1 = {http://www.aclweb.org/anthology/P/P07/P07-2045}}

@inproceedings{Sennrich:Rico:2011,
	Author = {Rico Sennrich},
	Booktitle = {EAMT},
	Title = {Combining multi-engine machine translation and online learning through dynamic phrase tables},
	Year = {2011}}

@inproceedings{Koehn:Philipp:2012,
	Author = {Philipp Koehn and Barry Haddow},
	Booktitle = {AMTA},
	Title = {Interpolated Backoff for Factored Translation Models},
	Year = {2012}}

@inproceedings{Koehn:Philipp:2007,
	Author = {Philipp Koehn and Hieu Hoang},
	Booktitle = {EMNLP},
	Title = {Factored Translation Models},
	Year = {2007}}
