%% This BibTeX bibliography file was created using BibDesk.
%% http://bibdesk.sourceforge.net/


%% Created for Hieu Hoang at 2010-03-04 13:54:20 +0000 


%% Saved with string encoding Unicode (UTF-8) 

@article{DCMTK:2004,
 author = {Eichelberg, Marco and Riesmeier, Joerg and Wilkens, Thomas and Hewett, Andrew J. and Barth, Andreas and Jensch, Peter},
 title = {Ten years of medical imaging standardization and prototypical implementation: the DICOM standard and the OFFIS DICOM toolkit (DCMTK) },
 journal = {Medical Imaging 2004: PACS and Imaging Informatics},
 year = {2004},
 }


@article{CGAL:2000,
 author = {Fabri, Andreas and Giezeman, Geert-Jan and Kettner, Lutz and Schirra, Stefan and Sch\"{o}nherr, Sven},
 title = {On the design of CGAL a computational geometry algorithms library},
 journal = {Softw. Pract. Exper.},
 volume = {30},
 number = {11},
 year = {2000},
 issn = {0038-0644},
 pages = {1167--1202},
 doi = {http://dx.doi.org/10.1002/1097-024X(200009)30:11<1167::AID-SPE337>3.0.CO;2-B},
 publisher = {John Wiley \& Sons, Inc.},
 address = {New York, NY, USA},
 }

@book{MacKay2003,
	Author = {David MacKay},
	Date-Added = {2010-03-04 13:52:26 +0000},
	Date-Modified = {2010-03-04 13:54:20 +0000},
	Publisher = {Cambridge University Press},
	Title = {Information Theory, Inference, and Learning Algorithms},
	Year = {2003}}

@inproceedings{Koehn:Pharaoh,
	Author = {Philipp Koehn},
	Booktitle = {6th Conference of the Association for Machine Translation in the Americas, AMTA},
	Publisher = {Springer},
	Series = {Lecture Notes in Computer Science},
	Title = {Pharaoh: a beam search decoder for statistical machine translation},
	Year = 2004}

@inproceedings{Koehn:SharedTask2005,
	Author = {Philipp Koehn},
	Booktitle = {ACL Workshop on Parallel Texts},
	Title = {Shared Task: Statistical Machine Translation for European Languages},
	Year = 2005}

@inproceedings{TreeTagger,
	Author = {H. Schmid},
	Booktitle = {International Conference on New methods in Language Processing},
	Title = {Probabilistic Part-of-Speech Tagger Using Decision Trees},
	Year = 1994}

@inproceedings{Zhang:2007,
	Author = {Y. Zhang and R. Zens},
	Booktitle = {International Workshop on Spoken Language Translation},
	Title = {Improved Chunk-level Reordering for Statistical Machine Translation},
	Year = 2007}

@article{DBLP:journals/corr/GraveJCGJ16,
  author    = {Edouard Grave and
               Armand Joulin and
               Moustapha Ciss{\'{e}} and
               David Grangier and
               Herv{\'{e}} J{\'{e}}gou},
  title     = {Efficient softmax approximation for GPUs},
  journal   = {CoRR},
  volume    = {abs/1609.04309},
  year      = {2016},
  url       = {http://arxiv.org/abs/1609.04309},
  archivePrefix = {arXiv},
  eprint    = {1609.04309},
  timestamp = {Wed, 07 Jun 2017 14:40:13 +0200},
  biburl    = {http://dblp.org/rec/bib/journals/corr/GraveJCGJ16},
  bibsource = {dblp computer science bibliography, http://dblp.org}
}

@article{DBLP:journals/corr/abs-1301-3781,
  author    = {Tomas Mikolov and
               Kai Chen and
               Greg Corrado and
               Jeffrey Dean},
  title     = {Efficient Estimation of Word Representations in Vector Space},
  journal   = {CoRR},
  volume    = {abs/1301.3781},
  year      = {2013},
  url       = {http://arxiv.org/abs/1301.3781},
  archivePrefix = {arXiv},
  eprint    = {1301.3781},
  timestamp = {Wed, 07 Jun 2017 14:42:25 +0200},
  biburl    = {http://dblp.org/rec/bib/journals/corr/abs-1301-3781},
  bibsource = {dblp computer science bibliography, http://dblp.org}
}

@unknown{Zoph-2016,
author = {Zoph, Barret and Vaswani, Ashish and May, Jonathan and Knight, Kevin},
year = {2016},
month = {01},
pages = {1217-1222},
title = {Simple, Fast Noise-Contrastive Estimation for Large RNN Vocabularies}
}

@article{Neubig-autobatching,
author = {Neubig, Graham and Goldberg, Yoav and Dyer, Chris},
year = {2017},
month = {05},
pages = {},
title = {On-the-fly Operation Batching in Dynamic Computation Graphs}
}



